@techreport{nakamoto2019bitcoin,
	title={Bitcoin: A peer-to-peer electronic cash system},
	author={Nakamoto, Satoshi},
	year={2019},
	institution={Manubot}
}

@book{antonopoulos2014mastering,
	title={Mastering Bitcoin: unlocking digital cryptocurrencies},
	author={Antonopoulos, Andreas M},
	year={2014},
	publisher={" O'Reilly Media, Inc."}
}

@misc{bitcoin_fee_calculator,
	title={Buy Bitcoin Worldwide},
	howpublished={\url{https://www.buybitcoinworldwide.com/fee-calculator/}}
}

@article{li2017survey,
	title={A survey on the security of blockchain systems},
	author={Li, Xiaoqi and Jiang, Peng and Chen, Ting and Luo, Xiapu and Wen, Qiaoyan},
	journal={Future Generation Computer Systems},
	year={2017},
	publisher={Elsevier}
}

@inproceedings{tamassia2003authenticated,
	title={Authenticated data structures},
	author={Tamassia, Roberto},
	booktitle={European symposium on algorithms},
	pages={2--5},
	year={2003},
	organization={Springer}
}

@book{gdm,
	title={Studio e realizzazione di un protocollo efficiente per l'integrità dei dati su Cloud},
	author={Del Monte, Gianmaria},
	note={Tesi di laurea triennale, Università degli studi Roma Tre},
	year={2018},
}

@article{pennino2019pipeline,
	title={Pipeline-integrity: Scaling the use of authenticated data structures up to the cloud},
	author={Pennino, Diego and Pizzonia, Maurizio and Griscioli, Federico},
	journal={Future Generation Computer Systems},
	volume={100},
	pages={618--647},
	year={2019},
	publisher={Elsevier}
}
